<?xml version="1.0" encoding="UTF-8"?><collection xmlns="http://www.loc.gov/MARC21/slim"><record><leader>00381nam--2200121-i-4500</leader><controlfield tag="001">000020606</controlfield><controlfield tag="002">20161230</controlfield><controlfield tag="005">20161230201033</controlfield><controlfield tag="008">060222s1000------------r-----000-0-eng-d</controlfield><datafield ind1=" " ind2=" " tag="080"><subfield code="a">001.818</subfield></datafield><datafield ind1=" " ind2=" " tag="245"><subfield code="a">Rapport d`activite 1994-1995 divisio de recherche experimentale institut de physique nucleaire - orsay</subfield></datafield><datafield ind1=" " ind2=" " tag="260"><subfield code="a">Institut De Physique Nucleaire - Orsay, 1995 375 P</subfield></datafield><datafield ind1=" " ind2=" " tag="852"><subfield code="a">22648</subfield></datafield></record></collection>